@article{b1,
  title={ANALYSIS OF THE FACTORS INFLUENCE INDIAN ENGLISH ACCENTS, AND HOW PRONUNCIATION AND ARTICULATION FILL THE ACCENT GAP},
  author={Tarun, Mr and Israr, Abu and Gajwal, Deepak},
  journal={EPRA International Journal of Environmental Economics, Commerce and Educational Management (ECEM)},
  volume={9},
  number={4},
  pages={43--49},
  year={2022}
}

@article{b2,
  title={A study on the challenges and opportunities of speech recognition for Bengali language},
  author={Mridha, Muhammad F and Ohi, Abu Quwsar and Hamid, Md Abdul and Monowar, Muhammad Mostafa},
  journal={Artificial Intelligence Review},
  volume={55},
  number={4},
  pages={3431--3455},
  year={2022},
  publisher={Springer}
}

@inproceedings{b3,
  title={Multidialectal acoustic modeling: A comparative study},
  author={Caballero, M{\'o}nica and Moreno, Asunci{\'o}n and Nogueiras, Albino},
  booktitle={Multilingual Speech and Language Processing},
  year={2006}
}

@inproceedings{b4,
  title={Visualization of Audio Files Using Librosa},
  author={Suman, Shubham and Sahoo, Kshira Sagar and Das, Chandramouli and Jhanjhi, NZ and Mitra, Ambik},
  booktitle={Proceedings of 2nd International Conference on Mathematical Modeling and Computational Science},
  pages={409--418},
  year={2022},
  organization={Springer}
}

@article{b5,
  title={A Better Decision Tree: The Max-Cut Decision Tree with Modified PCA Improves Accuracy and Running Time},
  author={Bodine, Jonathan and Hochbaum, Dorit S},
  journal={SN Computer Science},
  volume={3},
  number={4},
  pages={1--18},
  year={2022},
  publisher={Springer}
}

@inproceedings{b6,
  title={Impact of singular point detection on fingerprint matching performance},
  author={Chikkerur, Sharat and Ratha, Nalini},
  booktitle={Fourth IEEE Workshop on Automatic Identification Advanced Technologies (AutoID'05)},
  pages={207--212},
  year={2005},
  organization={IEEE}
}

@inproceedings{b7,
  title={Foreign English accent classification using deep belief networks},
  author={Upadhyay, Rishabh and Lui, Simon},
  booktitle={2018 IEEE 12th international conference on semantic computing (ICSC)},
  pages={290--293},
  year={2018},
  organization={IEEE}
}

@inproceedings{b8,
  title={Vfnet: A convolutional architecture for accent classification},
  author={Ahmed, Asad and Tangri, Pratham and Panda, Anirban and Ramani, Dhruv and Karmakar, Samarjit},
  booktitle={2019 IEEE 16th India Council International Conference (INDICON)},
  pages={1--4},
  year={2019},
  organization={IEEE}
}

@inproceedings{b9,
  title={Foreign Accent Recognition Using a Combination of Native and Non-native Speech},
  author={Guntur, Radha Krishna and Ramakrishnan, Krishnan and Mittal, Vinay Kumar},
  booktitle={Intelligent Sustainable Systems},
  pages={713--721},
  year={2022},
  publisher={Springer}
}

@inproceedings{b10,
  title={Supervised Machine Learning Model for Accent Recognition in English Speech Using Sequential MFCC Features},
  author={Honnavalli, Dweepa and Shylaja, SS},
  booktitle={Advances in Artificial Intelligence and Data Engineering},
  pages={55--66},
  year={2021},
  publisher={Springer}
}

@article{b11,
  title={An Automated Classification System Based on Regional Accent},
  author={Guntur, Radha Krishna and Ramakrishnan, Krishnan and Vinay Kumar, Mittal},
  journal={Circuits, Systems, and Signal Processing},
  volume={41},
  number={6},
  pages={3487--3507},
  year={2022},
  publisher={Springer}
}

@inproceedings{b12,
  title={A system for automatic regional accent classification},
  author={Krishna, Guntur Radha and Krishnan, Ramakrishnan and Mittal, Vinay Kumar},
  booktitle={2020 IEEE 17th India Council International Conference (INDICON)},
  pages={1--5},
  year={2020},
  organization={IEEE}
}

@inproceedings{b13,
  title={English language accent classification and conversion using machine learning},
  author={Parikh, Pratik and Velhal, Ketaki and Potdar, Sanika and Sikligar, Aayushi and Karani, Ruhina},
  booktitle={Proceedings of the International Conference on Innovative Computing \& Communications (ICICC)},
  year={2020}
}

@inproceedings{b14,
  title={Accent classification using Machine learning and Deep Learning Models},
  author={Purwar, Archana and Sharma, Hardik and Sharma, Yukti and Gupta, Himanshu and Kaur, Amanpreet},
  booktitle={2022 1st International Conference on Informatics (ICI)},
  pages={13--18},
  year={2022},
  organization={IEEE}
}

@article{b15,
  title={Accent Classification using Machine Learning},
  author={Duduka, Saiprasad and Jain, Henil and Jain, Virik and Prabhu, Harsh and Chawan, Pramila M},
  journal={International Research Journal of Engineering and Technology (IRJET)},
  volume={7},
  number={11},
  pages={638--641},
  year={2020}
}

@inproceedings{b16,
  title={Accent classification using support vector machines},
  author={Pedersen, Carol and Diederich, Joachim},
  booktitle={6th IEEE/ACIS International Conference on Computer and Information Science (ICIS 2007)},
  pages={444--449},
  year={2007},
  organization={IEEE}
}

@inproceedings{b17,
  title={Bengali accent classification from speech using different machine learning and deep learning techniques},
  author={Badhon, SM and Rahaman, Habibur and Rupon, Farea Rehnuma and Abujar, Sheikh},
  booktitle={Soft Computing Techniques and Applications},
  pages={503--513},
  year={2021},
  publisher={Springer}
}

@article{b18,
  title={MFCC-GMM based accent recognition system for Telugu speech signals},
  author={Mannepalli, Kasiprasad and Sastry, Panyam Narahari and Suman, Maloji},
  journal={International Journal of Speech Technology},
  volume={19},
  number={1},
  pages={87--93},
  year={2016},
  publisher={Springer}
}

@article{b19,
  title={A Neural Network Approach to Accent Classification},
  author={Duduka, Saiprasad and Jain, Henil and Jain, Harsh Prabhu Virik and Chawan, Pramila M},
  journal={International Research Journal of Engineering and Technology (IRJET)},
  volume={8},
  number={03},
  pages={1175--1177},
  year={2021}
}

@article{b20,
  title={Multi-Label Extreme Learning Machine (MLELMs) for Bangla Regional Speech Recognition},
  author={Hossain, Prommy Sultana and Chakrabarty, Amitabha and Kim, Kyuheon and Piran, Md Jalil},
  journal={Applied Sciences},
  volume={12},
  number={11},
  pages={5463},
  year={2022},
  publisher={MDPI}
}

@article{b21,
  title={Accentdb: A database of non-native english accents to assist neural speech recognition},
  author={Ahamad, Afroz and Anand, Ankit and Bhargava, Pranesh},
  journal={arXiv preprint arXiv:2005.07973},
  year={2020}
}

@article{b22,
  title={Circuit Manufacturing Defect Detection Using VGG16 Convolutional Neural Networks},
  author={Althubiti, Sara A and Alenezi, Fayadh and Shitharth, S and Reddy, Chennareddy Vijay Simha and others},
  journal={Wireless Communications and Mobile Computing},
  volume={2022},
  year={2022},
  publisher={Hindawi}
}

@inproceedings{b23,
  title={Automatic cataract classification system},
  author={Harini, V and Bhanumathi, V},
  booktitle={2016 international conference on communication and signal processing (ICCSP)},
  pages={0815--0819},
  year={2016},
  organization={IEEE}
}